@book{1,
  author    = {Reinhard Diestel},
  title     = {Graph Theory, 5th Edition},
  series    = {Graduate texts in mathematics},
  volume    = {173},
  publisher = {Springer-Verlag},
  year      = {2016},
  isbn      = {978-3-662-53621-6},
  pages     = {28}
}
@techreport{2,
    address = {{arXiv}},
    title = {{LLAMA:} Leveraging Learning to Automatically Manage Algorithms},
    url = {http://arxiv.org/abs/1306.1031},
    number = {{arXiv:1306.1031}},
    author = {Kotthoff, Lars},
    month = jun,
    year = {2013}
}
